@online{matplotlib-animation,
    title = "Matplotlib: Animation",
    url  = "https://matplotlib.org/3.3.3/api/animation_api.html",
    addendum = "(accessed: 26.01.2021)"
}

@online{hpl-decay,
    author = "Hans Petter Langtangen",
    title = "Finite Difference Computing with Exponential Decay Models",
    url = "https://hplgit.github.io/decay-book/doc/pub/book/pdf/decay-book-4print.pdf"
}

@online{hpl-wave,
    author = "Hans Petter Langtangen",
    title = "Finite difference methods for wave equations",
    url = "https://hplgit.github.io/fdm-book/doc/pub/wave/pdf/wave-4print.pdf"
}
